<record><leader>00000cas a2200000 a 4500</leader><controlfield tag="001">19127445</controlfield><controlfield tag="008">890209d188518uutnuwr ne      0    0eng d</controlfield><datafield ind1=" " ind2=" " tag="010"><subfield code="a">sn 89058219 </subfield></datafield><datafield ind1=" " ind2=" " tag="040"><subfield code="a">KNP</subfield><subfield code="b">eng</subfield><subfield code="c">KNP</subfield><subfield code="d">TGN</subfield><subfield code="d">OCL</subfield><subfield code="d">OCLCQ</subfield><subfield code="d">OCLCF</subfield><subfield code="d">OCLCO</subfield></datafield><datafield ind1=" " ind2=" " tag="042"><subfield code="a">msc</subfield></datafield><datafield ind1=" " ind2=" " tag="043"><subfield code="a">n-us-tn</subfield></datafield><datafield ind1="0" ind2=" " tag="130"><subfield code="a">Star-journal (Newport, Tenn.)</subfield></datafield><datafield ind1="1" ind2="4" tag="245"><subfield code="a">The star-journal.</subfield></datafield><datafield ind1=" " ind2=" " tag="260"><subfield code="a">Newport, Cocke County, Tenn. :</subfield><subfield code="b">N.J. Phillips and J.W.P. Massey</subfield></datafield><datafield ind1=" " ind2=" " tag="300"><subfield code="a">v.</subfield></datafield><datafield ind1=" " ind2=" " tag="310"><subfield code="a">Weekly</subfield></datafield><datafield ind1="1" ind2=" " tag="362"><subfield code="a">Began in 1885.</subfield></datafield><datafield ind1=" " ind2=" " tag="580"><subfield code="a">Formed by the union of: Central star (Newport, Tenn.), and: State journal (Newport, Tenn.).</subfield></datafield><datafield ind1=" " ind2=" " tag="588"><subfield code="a">Description based on: Star v. 6, no. 317 (Jan. 8, 1886) = Journal v. 3, no. 1.</subfield></datafield><datafield ind1=" " ind2="0" tag="651"><subfield code="a">Newport (Tenn.)</subfield><subfield code="v">Newspapers.</subfield></datafield><datafield ind1=" " ind2="0" tag="651"><subfield code="a">Cocke County (Tenn.)</subfield><subfield code="v">Newspapers.</subfield></datafield><datafield ind1=" " ind2="7" tag="655"><subfield code="a">Newspapers.</subfield><subfield code="2">fast</subfield><subfield code="0">(OCoLC)fst01423814</subfield></datafield><datafield ind1=" " ind2="7" tag="651"><subfield code="a">Tennessee</subfield><subfield code="z">Cocke County.</subfield><subfield code="2">fast</subfield><subfield code="0">(OCoLC)fst01262672</subfield></datafield><datafield ind1=" " ind2="7" tag="651"><subfield code="a">Tennessee</subfield><subfield code="z">Newport.</subfield><subfield code="2">fast</subfield><subfield code="0">(OCoLC)fst01229015</subfield></datafield><datafield ind1=" " ind2=" " tag="752"><subfield code="a">United States</subfield><subfield code="b">Tennessee</subfield><subfield code="c">Cocke</subfield><subfield code="d">Newport.</subfield></datafield><datafield ind1="1" ind2="4" tag="780"><subfield code="t">Central star (Newport, Tenn.)</subfield></datafield><datafield ind1="1" ind2="4" tag="780"><subfield code="t">State journal (Newport, Tenn.)</subfield></datafield></record>